@article{Eigen1971,
  title={Selforganization of matter and the evolution of biological macromolecules},
  author={Eigen, Manfred},
  journal={Naturwissenschaften},
  volume={58},
  number={10},
  pages={465--523},
  year={1971},
  publisher={Springer}
}

@article{Knuth1968,
  title={Semantics of Context-free Languages},
  author={Knuth, Donald E},
  journal={Mathematical Systems Theory},
  volume={2},
  number={2},
  pages={127--145},
  year={1968},
  publisher={Springer}
}

@article{WW2015,
  title={Observation and measurement of Higgs boson decays to WW* with the ATLAS detector},
  author={ATLAS Collaboration},
  journal={Phys. Rev. D},
  volume={92},
  number={012006},
  year={2015}
}
